<record><leader>00000cas a22000007a 4500</leader><controlfield tag="001">15479942</controlfield><controlfield tag="008">870403d18491850iauwr ne      0    0eng d</controlfield><datafield ind1=" " ind2=" " tag="010"><subfield code="a">sn 87058103 </subfield></datafield><datafield ind1=" " ind2=" " tag="040"><subfield code="a">INP</subfield><subfield code="b">eng</subfield><subfield code="c">INP</subfield><subfield code="d">OCLCQ</subfield></datafield><datafield ind1=" " ind2=" " tag="042"><subfield code="a">msc</subfield></datafield><datafield ind1="0" ind2="0" tag="245"><subfield code="a">Western Democrat and common school journal.</subfield></datafield><datafield ind1=" " ind2=" " tag="260"><subfield code="a">Andrew, Iowa :</subfield><subfield code="b">J.B. Dorr,</subfield><subfield code="c">1849-1850.</subfield></datafield><datafield ind1=" " ind2=" " tag="300"><subfield code="a">1 v.</subfield></datafield><datafield ind1=" " ind2=" " tag="310"><subfield code="a">Weekly</subfield></datafield><datafield ind1="0" ind2=" " tag="362"><subfield code="a">Vol. 1, no. 1 (Nov. 14, 1849)-v. 1, no. 52 (Nov. 13, 1850).</subfield></datafield><datafield ind1=" " ind2=" " tag="752"><subfield code="a">United States</subfield><subfield code="b">Iowa</subfield><subfield code="c">Jackson</subfield><subfield code="d">Andrew.</subfield></datafield><datafield ind1="0" ind2="0" tag="785"><subfield code="t">Western Democrat (Andrew, Iowa)</subfield><subfield code="w">(DLC)sn 87058104</subfield></datafield></record>